@inproceedings{bonab2016theoretical,
  title={A theoretical framework on the ideal number of classifiers for online ensembles in data streams},
  author={Bonab, Hamed R and Can, Fazli},
  booktitle={Proceedings of the 25th ACM International on Conference on Information and Knowledge Management},
  pages={2053--2056},
  year={2016}
}

@article{bonab2017less,
  title={Less is more: a comprehensive framework for the number of components of ensemble classifiers},
  author={Bonab, Hamed and Can, Fazli},
  journal={arXiv preprint arXiv:1709.02925},
  year={2017}
}

@inproceedings{covington2016deep,
  title={Deep neural networks for youtube recommendations},
  author={Covington, Paul and Adams, Jay and Sargin, Emre},
  booktitle={Proceedings of the 10th ACM conference on recommender systems},
  pages={191--198},
  year={2016}
}

@article{ledwich2019algorithmic,
  title={Algorithmic extremism: Examining YouTube's rabbit hole of radicalization},
  author={Ledwich, Mark and Zaitsev, Anna},
  journal={arXiv preprint arXiv:1912.11211},
  year={2019}
}

@misc{lubach_2020,
  title={De online fabeltjesfuik | Zondag met Lubach (S12)}, url={https://www.youtube.com/watch?v=FLoR2Spftwg}, 
  journal={YouTube}, 
  publisher={VPRO}, 
  author={Lubach, Arjen}, 
  year={2020}, 
  month={Oct}
} 

@article{miller2021characterizing,
  title={Characterizing QAnon: Analysis of YouTube comments presents new conclusions about a popular conservative conspiracy},
  author={Miller, Daniel Taninecz},
  journal={First Monday},
  year={2021}
}

@misc{neufeld_2021,
  title={The 50 Most Visited Websites in the World}, url={https://www.visualcapitalist.com/the-50-most-visited-websites-in-the-world/}, 
  journal={Visual Capitalist}, 
  author={Neufeld, Dorothy}, 
  year={2021}, 
  month={Jan}
} 

@article{paolillo2018flat,
  title={The flat earth phenomenon on YouTube},
  author={Paolillo, John C},
  journal={First Monday},
  year={2018}
}

@book{pariser2011filter,
  title={The filter bubble: What the Internet is hiding from you},
  author={Pariser, Eli},
  year={2011},
  publisher={Penguin UK}
}

@inproceedings{park2016data,
  title={A data-driven study of view duration on youtube},
  author={Park, Minsu and Naaman, Mor and Berger, Jonah},
  booktitle={Proceedings of the International AAAI Conference on Web and Social Media},
  volume={10},
  year={2016}
}

@misc{rosenbaum2021escaping,
  title={Escaping Catch-22â€”Overcoming Covid Vaccine Hesitancy},
  author={Rosenbaum, Lisa},
  year={2021},
  publisher={Mass Medical Soc}
}

@article{roth2020tubes,
  title={Tubes and bubbles topological confinement of YouTube recommendations},
  author={Roth, Camille and Mazi{\`e}res, Antoine and Menezes, Telmo},
  journal={PloS one},
  volume={15},
  number={4},
  pages={e0231703},
  year={2020},
  publisher={Public Library of Science San Francisco, CA USA}
}

@misc{seabrook_2012,
  title={Streaming Dreams},
  url={https://www.newyorker.com/magazine/2012/01/16/streaming-dreams},
  journal={The New Yorker},
  author={Seabrook, John},
  year={2012},
  month={Jan}
} 

@article{sokolova2009systematic,
  title={A systematic analysis of performance measures for classification tasks},
  author={Sokolova, Marina and Lapalme, Guy},
  journal={Information processing \& management},
  volume={45},
  number={4},
  pages={427--437},
  year={2009},
  publisher={Elsevier}
}


@inproceedings{zhou2010impact,
  title={The impact of YouTube recommendation system on video views},
  author={Zhou, Renjie and Khemmarat, Samamon and Gao, Lixin},
  booktitle={Proceedings of the 10th ACM SIGCOMM conference on Internet measurement},
  pages={404--410},
  year={2010}
}

